<?xml version="1.0" encoding="UTF-8"?><collection xmlns="http://www.loc.gov/MARC21/slim"><record><leader>00476nam--2200169-i-4500</leader><controlfield tag="001">000011987</controlfield><controlfield tag="002">20161230</controlfield><controlfield tag="005">20170114004759</controlfield><controlfield tag="008">060222s1000------------r-----000-0-eng-d</controlfield><datafield ind1=" " ind2=" " tag="080"><subfield code="a">543.423</subfield></datafield><datafield ind1=" " ind2=" " tag="100"><subfield code="a">Babko, A. K</subfield></datafield><datafield ind1=" " ind2=" " tag="245"><subfield code="a">Photometric analysis. Metods of determining - non-metals. Translated from the russian by A.Rosinkin</subfield></datafield><datafield ind1=" " ind2=" " tag="260"><subfield code="a">Moscow</subfield><subfield code="b">Mir Publishers</subfield><subfield code="c">1976</subfield></datafield><datafield ind1=" " ind2=" " tag="300"><subfield code="a">374 p</subfield></datafield><datafield ind1=" " ind2=" " tag="700"><subfield code="a">Pilipenko, A. T</subfield></datafield><datafield ind1=" " ind2=" " tag="852"><subfield code="a">44238</subfield></datafield><datafield ind1=" " ind2=" " tag="CAT"><subfield code="a">SYS</subfield><subfield code="c">20170114</subfield><subfield code="h">004759</subfield></datafield></record></collection>